% -*- coding=utf-8 -*-
@article{1,

	title = {{CPLD在超声波传感器驱动控制电路中的应用}},
	issn = {1006-4710},

	pages = {381--383},
	number = {4},
	journaltitle = {西安理工大学学报},
	author = {杨, 媛 and 高, 勇 and 马, 军 and 李, 福德},
	urldate = {2023-03-10},
	date = {2000},
	
}

@article{2,
	title = {基于{STM}32和超声波测距的倒车雷达预警系统设计},
	volume = {35},
	issn = {1000-9787},


	pages = {63--66},
	number = {4},
	journaltitle = {传感器与微系统},
	author = {韩, 韧 and 金, 永威 and 王, 强},
	urldate = {2023-03-10},
	date = {2016},

}

@article{CPLD芯片介绍,
	title = {基于{STM}32和超声波测距的倒车雷达预警系统设计},
	volume = {35},
	issn = {1000-9787},


	pages = {63--66},
	number = {4},
	journaltitle = {传感器与微系统},
	author = {韩, 韧 and 金, 永威 and 王, 强},
	urldate = {2023-03-10},
	date = {2016},

}

@article{CPLD芯片手册,
	title = {基于{STM}32和超声波测距的倒车雷达预警系统设计},
	volume = {35},
	issn = {1000-9787},


	pages = {63--66},
	number = {4},
	journaltitle = {传感器与微系统},
	author = {韩, 韧 and 金, 永威 and 王, 强},
	urldate = {2023-03-10},
	date = {2016},

}

@article{TUSS4470芯片手册,
	title = {基于{STM}32和超声波测距的倒车雷达预警系统设计},
	volume = {35},
	issn = {1000-9787},


	pages = {63--66},
	number = {4},
	journaltitle = {传感器与微系统},
	author = {韩, 韧 and 金, 永威 and 王, 强},
	urldate = {2023-03-10},
	date = {2016},

}

@article{噪声耦合,
	title = {基于{STM}32和超声波测距的倒车雷达预警系统设计},
	volume = {35},
	issn = {1000-9787},


	pages = {63--66},
	number = {4},
	journaltitle = {传感器与微系统},
	author = {韩, 韧 and 金, 永威 and 王, 强},
	urldate = {2023-03-10},
	date = {2016},

}

@article{寄生效应,
	title = {基于{STM}32和超声波测距的倒车雷达预警系统设计},
	volume = {35},
	issn = {1000-9787},


	pages = {63--66},
	number = {4},
	journaltitle = {传感器与微系统},
	author = {韩, 韧 and 金, 永威 and 王, 强},
	urldate = {2023-03-10},
	date = {2016},

}

@article{JTAG,
	title = {基于{STM}32和超声波测距的倒车雷达预警系统设计},
	volume = {35},
	issn = {1000-9787},


	pages = {63--66},
	number = {4},
	journaltitle = {传感器与微系统},
	author = {韩, 韧 and 金, 永威 and 王, 强},
	urldate = {2023-03-10},
	date = {2016},

}


@article{分离接地,
	title = {基于{STM}32和超声波测距的倒车雷达预警系统设计},
	volume = {35},
	issn = {1000-9787},


	pages = {63--66},
	number = {4},
	journaltitle = {传感器与微系统},
	author = {韩, 韧 and 金, 永威 and 王, 强},
	urldate = {2023-03-10},
	date = {2016},

}

@article{SPI,
	title = {基于{STM}32和超声波测距的倒车雷达预警系统设计},
	volume = {35},
	issn = {1000-9787},


	pages = {63--66},
	number = {4},
	journaltitle = {传感器与微系统},
	author = {韩, 韧 and 金, 永威 and 王, 强},
	urldate = {2023-03-10},
	date = {2016},

}

@article{Verilog介绍,
	title = {基于{STM}32和超声波测距的倒车雷达预警系统设计},
	volume = {35},
	issn = {1000-9787},


	pages = {63--66},
	number = {4},
	journaltitle = {传感器与微系统},
	author = {韩, 韧 and 金, 永威 and 王, 强},
	urldate = {2023-03-10},
	date = {2016},

}
@article{检测原理,
	title = {基于{STM}32和超声波测距的倒车雷达预警系统设计},
	volume = {35},
	issn = {1000-9787},


	pages = {63--66},
	number = {4},
	journaltitle = {传感器与微系统},
	author = {韩, 韧 and 金, 永威 and 王, 强},
	urldate = {2023-03-10},
	date = {2016},

}
